@preamble{ "\newcommand{\noopsort}[1]{} "
        # "\newcommand{\printfirst}[2]{#1} "
        # "\newcommand{\singleletter}[1]{#1} "
        # "\newcommand{\switchargs}[2]{#2#1} " }

@BOOK{drlik,
   author = "DRLÍK Martin",
   title = "Moodle: kompletní průvodce tvorbou a správou elektronických kurzů.",

   publisher = "Computer Press",
   address = "Brno",
   edition = "1. vydání",
   year = "2013",

   isbn= "80-86302-16-4 "
}
@BOOK{ockajova,
   author = "OČKAJOVÁ, Alena",
   title = "Využitie e-learningu v predmete bezpečnosť a hygiena práce. In Trendy ve vzdělávání 2009: informační technologie a technické vzdělávání",
   publisher = "Votobia",
   address = "Olomouc",
   year = "2009",
   note = "mezinárodní vědecko-odborná konference 2009 na Pedagogické fakultě Univerzity Palackého v Olomouci",
   isbn= "978-80-7220-316-1"
}


@BOOK{zlamalova,
   author = "ZLÁMALOVÁ, Helena",
   title = "Úvod do distančního vzdělávání",
   series = "Řízení vysokých škol",
   publisher = "Centrum pro studium vysokého školství",
   address = "Praha",
   pagetotal = 79,
   edition = "2. upr. vyd",
   year = "2000",
   isbn= "80-86302-10-5"
}


@BOOK{zounek,
   author = "ZOUNEK, Jiří",
   title = " E-learning - jedna z podob učení v moderní společnost",
   pagetotal = 161,
   publisher = "Masarykova univerzita",
   address = "Brno",
   year = "2009",
   isbn= {978-80-210-5123-2}
}
@BOOK{prucha,
   author = "Jiří PRŮCHA a Jiří MÍKA ",
   title = "Distanční studium v otázkách: (průvodce studujících a zájemců o studium)",
   volume = 39,
   series = "The Art of Computer Programming",
   publisher = "Centrum pro studium vysokého školství",
   address = "Praha",
   edition = "1. vyd.",
   month = "10~" # jan,
   year = "2000",
   isbn= "80-86302-16-4"
}
@BOOK{cooch,
   author = "COOCH, Mary",
   title = "Moodle 2.0 first look: discover what's new in Moodle 2.0, how the new features work, and how it will impact you",
   volume = 255,
   series = "The Art of Computer Programming",
   publisher = "Packt",
   address = "Birmingham",
   edition = "1st pub",
   year = "2010",
   isbn = "978-1-84951-194-0",
}


@ONLINE{moodle-logo,
   author = "Moodle.org",
   title = "Moodle logo",
   urldate = "2015-10-10",
   url = "https://moodle.org/logo/"
}

@ONLINE{korviny,
   author = " Petr KORVINY",
   title = "Moodle (nejen) na OPF",
   year = 2005,
   month = "apr",
   urldate = "2015-09-10",
   url = "http://elearning.slu.cz/file.php/7/napovedy_soubory/Moodle_OPF/ar01s01.html",
}

@ONLINE{moodle-context,
   author = "Moodle.org",
   title = "Context",
   urldate = "2015-10-14",
   url = "https://docs.moodle.org/29/en/Context"
}


@ONLINE{maple-logo,
   author = "Maplesoft",
   title = "Logos and Images",
   urldate = "2015-10-09",
   url = "http://www.maplesoft.com/media/resources.aspx"
}

@ONLINE{moodle-stats,
   author = "Moodle.net Courses and Content",
   title = "Moodle Statistics",
   urldate = "2015-12-19",
   url = "https://moodle.net/stats/"
}

@ONLINE{maple-questions,
   author = "Maplesoft",
   title = "Maple T.A. Question Types",
   urldate = "2015-11-10",
   url = "http://www.maplesoft.com/products/mapleta/QuestionTypes.aspx"
}
@ONLINE{lms,
   author = "Wikipedie Otevřená encyklopedie",
   title = "Learning Management System",
   urldate = "2015-10-22",
   year = 2015,
   url = "https://cs.wikipedia.org/wiki/Learning_Management_System"
}

@ONLINE{imslti,
   author = "IMS Global Learning Consortium",
   title = "Learning Tools Interoperability Background",
   urldate = "2015-10-14",
   year = 2015,
   url = "https://www.imsglobal.org/activity/learning-tools-interoperability"
}

@ONLINE{imslti20,
   author = "IMS Global Learning Consortium",
   title = "Learning Tools Interoperability 2.0",
   urldate = "2015-10-15",
   year = 2015,
   url = "https://www.imsglobal.org/specs/ltiv2p0"
}
@MANUAL{itustats,
   author = "ICT Data and Statistics Division",
   title = "ICTFacts  and Figures",
   organization = "International Telecommunication Union",
   address = "Geneva, Switzerland",
   month =  may,
   year = 2015,
   url = "http://www.itu.int/en/ITU-D/Statistics/Documents/facts/ICTFactsFigures2015.pdf"
}


@ARTICLE{techvsteach,
   author = {Michael Trucano},
   title = {Will technology replace teachers? No, but ...},
   journal = {Edutech},
   year = 2015,
   month = feb,
   urldate = "2015-12-07",
   url = "http://blogs.worldbank.org/edutech/tech-and-teachers"
}


@TECHREPORT{imsltiinvest,
   author = "O{\'{n}}eill, Owen",
   title = "IMS Learning Tools Interoperability (IMS LTI) Investigation",
   institution = "E-portfolios for Learner Pathways ",
   type = " Research Report",
   number = "9",
   address = "Melbourne, Victoria",
   month = jun,
   year = 2013,

}

@ONLINE{moodle-what-is,
   author = "Moodle.org",
   title = "Co je Moodle",
   urldate = "2015-10-19",
   year = 2006,
   url = "https://docs.moodle.org/archive/cs/Co_je_Moodle"
}





